%YAML 1.1
%TAG !u! tag:unity3d.com,2011:
--- !u!91 &9100000
AnimatorController:
  m_ObjectHideFlags: 0
  m_PrefabParentObject: {fileID: 0}
  m_PrefabInternal: {fileID: 0}
  m_Name: Animation_controller
  serializedVersion: 5
  m_AnimatorParameters:
  - m_Name: Speed
    m_Type: 1
    m_DefaultFloat: 0
    m_DefaultInt: 0
    m_DefaultBool: 0
    m_Controller: {fileID: 9100000}
  - m_Name: ground
    m_Type: 4
    m_DefaultFloat: 0
    m_DefaultInt: 0
    m_DefaultBool: 0
    m_Controller: {fileID: 9100000}
  - m_Name: jump
    m_Type: 4
    m_DefaultFloat: 0
    m_DefaultInt: 0
    m_DefaultBool: 0
    m_Controller: {fileID: 9100000}
  - m_Name: land
    m_Type: 4
    m_DefaultFloat: 0
    m_DefaultInt: 0
    m_DefaultBool: 0
    m_Controller: {fileID: 9100000}
  - m_Name: vSpeed
    m_Type: 1
    m_DefaultFloat: 0
    m_DefaultInt: 0
    m_DefaultBool: 0
    m_Controller: {fileID: 9100000}
  - m_Name: jumpAttack
    m_Type: 4
    m_DefaultFloat: 0
    m_DefaultInt: 0
    m_DefaultBool: 0
    m_Controller: {fileID: 9100000}
  - m_Name: kneeling
    m_Type: 4
    m_DefaultFloat: 0
    m_DefaultInt: 0
    m_DefaultBool: 0
    m_Controller: {fileID: 9100000}
  - m_Name: crouching
    m_Type: 4
    m_DefaultFloat: 0
    m_DefaultInt: 0
    m_DefaultBool: 0
    m_Controller: {fileID: 9100000}
  - m_Name: attack
    m_Type: 4
    m_DefaultFloat: 0
    m_DefaultInt: 0
    m_DefaultBool: 0
    m_Controller: {fileID: 9100000}
  - m_Name: hide
    m_Type: 4
    m_DefaultFloat: 0
    m_DefaultInt: 0
    m_DefaultBool: 0
    m_Controller: {fileID: 9100000}
  - m_Name: death
    m_Type: 4
    m_DefaultFloat: 0
    m_DefaultInt: 0
    m_DefaultBool: 0
    m_Controller: {fileID: 9100000}
  m_AnimatorLayers:
  - serializedVersion: 5
    m_Name: Groundlayer
    m_StateMachine: {fileID: 110766028}
    m_Mask: {fileID: 0}
    m_Motions: []
    m_Behaviours: []
    m_BlendingMode: 0
    m_SyncedLayerIndex: -1
    m_DefaultWeight: 0
    m_IKPass: 0
    m_SyncedLayerAffectsTiming: 0
    m_Controller: {fileID: 9100000}
  - serializedVersion: 5
    m_Name: Death
    m_StateMachine: {fileID: 1107467627530167744}
    m_Mask: {fileID: 0}
    m_Motions: []
    m_Behaviours: []
    m_BlendingMode: 0
    m_SyncedLayerIndex: -1
    m_DefaultWeight: 0
    m_IKPass: 0
    m_SyncedLayerAffectsTiming: 0
    m_Controller: {fileID: 9100000}
--- !u!206 &20623782
BlendTree:
  m_ObjectHideFlags: 1
  m_PrefabParentObject: {fileID: 0}
  m_PrefabInternal: {fileID: 0}
  m_Name: BlendTree
  m_Childs: []
  m_BlendParameter: vSpeed
  m_BlendParameterY: Blend
  m_MinThreshold: 0
  m_MaxThreshold: 1
  m_UseAutomaticThresholds: 1
  m_NormalizedBlendValues: 0
  m_BlendType: 0
--- !u!206 &20633132
BlendTree:
  m_ObjectHideFlags: 3
  m_PrefabParentObject: {fileID: 0}
  m_PrefabInternal: {fileID: 0}
  m_Name: Blend Tree
  m_Childs:
  - serializedVersion: 2
    m_Motion: {fileID: 7400000, guid: 70a3da562d520174781801e394c3a467, type: 2}
    m_Threshold: -10.8
    m_Position: {x: 0, y: 0}
    m_TimeScale: 1
    m_CycleOffset: 0
    m_DirectBlendParameter: Speed
    m_Mirror: 0
  - serializedVersion: 2
    m_Motion: {fileID: 7400000, guid: 561d88d0b008a3b4b98f1d9b7eaa949b, type: 2}
    m_Threshold: -8.11
    m_Position: {x: 0, y: 0}
    m_TimeScale: 1
    m_CycleOffset: 0
    m_DirectBlendParameter: Speed
    m_Mirror: 0
  - serializedVersion: 2
    m_Motion: {fileID: 7400000, guid: 1063fdf9ccae3e44b9def09c8d170fb1, type: 2}
    m_Threshold: -7.13
    m_Position: {x: 0, y: 0}
    m_TimeScale: 1
    m_CycleOffset: 0
    m_DirectBlendParameter: Speed
    m_Mirror: 0
  - serializedVersion: 2
    m_Motion: {fileID: 7400000, guid: 70a4ac98e6b2b2e43b54955a4733edfe, type: 2}
    m_Threshold: -6.2
    m_Position: {x: 0, y: 0}
    m_TimeScale: 1
    m_CycleOffset: 0
    m_DirectBlendParameter: Speed
    m_Mirror: 0
  - serializedVersion: 2
    m_Motion: {fileID: 7400000, guid: 62e87821b841369419aafd46090c10f5, type: 2}
    m_Threshold: -5.4
    m_Position: {x: 0, y: 0}
    m_TimeScale: 1
    m_CycleOffset: 0
    m_DirectBlendParameter: Speed
    m_Mirror: 0
  - serializedVersion: 2
    m_Motion: {fileID: 7400000, guid: ab632f35e1e964b4493d8a519f08110c, type: 2}
    m_Threshold: -4.6
    m_Position: {x: 0, y: 0}
    m_TimeScale: 1
    m_CycleOffset: 0
    m_DirectBlendParameter: Speed
    m_Mirror: 0
  - serializedVersion: 2
    m_Motion: {fileID: 7400000, guid: f72e7d3dcf23453428291328d8ade5b3, type: 2}
    m_Threshold: -2.7
    m_Position: {x: 0, y: 0}
    m_TimeScale: 1
    m_CycleOffset: 0
    m_DirectBlendParameter: Speed
    m_Mirror: 0
  - serializedVersion: 2
    m_Motion: {fileID: 7400000, guid: a088556247511544588f49a56b925306, type: 2}
    m_Threshold: -1.9
    m_Position: {x: 0, y: 0}
    m_TimeScale: 1
    m_CycleOffset: 0
    m_DirectBlendParameter: Speed
    m_Mirror: 0
  - serializedVersion: 2
    m_Motion: {fileID: 7400000, guid: 3131bba850408e74bac827744e21a1af, type: 2}
    m_Threshold: -1.7
    m_Position: {x: 0, y: 0}
    m_TimeScale: 1
    m_CycleOffset: 0
    m_DirectBlendParameter: Speed
    m_Mirror: 0
  - serializedVersion: 2
    m_Motion: {fileID: 7400000, guid: 1a160d36c70c33e44a5c45a128979165, type: 2}
    m_Threshold: 1.62
    m_Position: {x: 0, y: 0}
    m_TimeScale: 1
    m_CycleOffset: 0
    m_DirectBlendParameter: Speed
    m_Mirror: 0
  - serializedVersion: 2
    m_Motion: {fileID: 7400000, guid: 0e5b73280467c7d459b24c5570391352, type: 2}
    m_Threshold: 1.72
    m_Position: {x: 0, y: 0}
    m_TimeScale: 1
    m_CycleOffset: 0
    m_DirectBlendParameter: Speed
    m_Mirror: 0
  m_BlendParameter: vSpeed
  m_BlendParameterY: Speed
  m_MinThreshold: -10.8
  m_MaxThreshold: 1.72
  m_UseAutomaticThresholds: 0
  m_NormalizedBlendValues: 0
  m_BlendType: 0
--- !u!206 &20682510
BlendTree:
  m_ObjectHideFlags: 3
  m_PrefabParentObject: {fileID: 0}
  m_PrefabInternal: {fileID: 0}
  m_Name: Blend Tree
  m_Childs:
  - serializedVersion: 2
    m_Motion: {fileID: 7400000, guid: 70a3da562d520174781801e394c3a467, type: 2}
    m_Threshold: -10.8
    m_Position: {x: 0, y: 0}
    m_TimeScale: 1
    m_CycleOffset: 0
    m_DirectBlendParameter: Speed
    m_Mirror: 0
  - serializedVersion: 2
    m_Motion: {fileID: 7400000, guid: 561d88d0b008a3b4b98f1d9b7eaa949b, type: 2}
    m_Threshold: -8.11
    m_Position: {x: 0, y: 0}
    m_TimeScale: 1
    m_CycleOffset: 0
    m_DirectBlendParameter: Speed
    m_Mirror: 0
  - serializedVersion: 2
    m_Motion: {fileID: 7400000, guid: 1063fdf9ccae3e44b9def09c8d170fb1, type: 2}
    m_Threshold: -7.13
    m_Position: {x: 0, y: 0}
    m_TimeScale: 1
    m_CycleOffset: 0
    m_DirectBlendParameter: Speed
    m_Mirror: 0
  - serializedVersion: 2
    m_Motion: {fileID: 7400000, guid: 70a4ac98e6b2b2e43b54955a4733edfe, type: 2}
    m_Threshold: -6.2
    m_Position: {x: 0, y: 0}
    m_TimeScale: 1
    m_CycleOffset: 0
    m_DirectBlendParameter: Speed
    m_Mirror: 0
  - serializedVersion: 2
    m_Motion: {fileID: 7400000, guid: 62e87821b841369419aafd46090c10f5, type: 2}
    m_Threshold: -5.4
    m_Position: {x: 0, y: 0}
    m_TimeScale: 1
    m_CycleOffset: 0
    m_DirectBlendParameter: Speed
    m_Mirror: 0
  - serializedVersion: 2
    m_Motion: {fileID: 7400000, guid: ab632f35e1e964b4493d8a519f08110c, type: 2}
    m_Threshold: -4.6
    m_Position: {x: 0, y: 0}
    m_TimeScale: 1
    m_CycleOffset: 0
    m_DirectBlendParameter: Speed
    m_Mirror: 0
  - serializedVersion: 2
    m_Motion: {fileID: 7400000, guid: f72e7d3dcf23453428291328d8ade5b3, type: 2}
    m_Threshold: -2.7
    m_Position: {x: 0, y: 0}
    m_TimeScale: 1
    m_CycleOffset: 0
    m_DirectBlendParameter: Speed
    m_Mirror: 0
  - serializedVersion: 2
    m_Motion: {fileID: 7400000, guid: a088556247511544588f49a56b925306, type: 2}
    m_Threshold: -1.9
    m_Position: {x: 0, y: 0}
    m_TimeScale: 1
    m_CycleOffset: 0
    m_DirectBlendParameter: Speed
    m_Mirror: 0
  - serializedVersion: 2
    m_Motion: {fileID: 7400000, guid: 3131bba850408e74bac827744e21a1af, type: 2}
    m_Threshold: -1.7
    m_Position: {x: 0, y: 0}
    m_TimeScale: 1
    m_CycleOffset: 0
    m_DirectBlendParameter: Speed
    m_Mirror: 0
  - serializedVersion: 2
    m_Motion: {fileID: 7400000, guid: 1a160d36c70c33e44a5c45a128979165, type: 2}
    m_Threshold: 1.62
    m_Position: {x: 0, y: 0}
    m_TimeScale: 1
    m_CycleOffset: 0
    m_DirectBlendParameter: Speed
    m_Mirror: 0
  - serializedVersion: 2
    m_Motion: {fileID: 7400000, guid: 0e5b73280467c7d459b24c5570391352, type: 2}
    m_Threshold: 1.72
    m_Position: {x: 0, y: 0}
    m_TimeScale: 1
    m_CycleOffset: 0
    m_DirectBlendParameter: Speed
    m_Mirror: 0
  m_BlendParameter: vSpeed
  m_BlendParameterY: Speed
  m_MinThreshold: -10.8
  m_MaxThreshold: 1.72
  m_UseAutomaticThresholds: 0
  m_NormalizedBlendValues: 0
  m_BlendType: 0
--- !u!206 &20682980
BlendTree:
  m_ObjectHideFlags: 1
  m_PrefabParentObject: {fileID: 0}
  m_PrefabInternal: {fileID: 0}
  m_Name: BlendTree
  m_Childs: []
  m_BlendParameter: vSpeed
  m_BlendParameterY: Blend
  m_MinThreshold: 0
  m_MaxThreshold: 1
  m_UseAutomaticThresholds: 1
  m_NormalizedBlendValues: 0
  m_BlendType: 0
--- !u!206 &20684622
BlendTree:
  m_ObjectHideFlags: 1
  m_PrefabParentObject: {fileID: 0}
  m_PrefabInternal: {fileID: 0}
  m_Name: BlendTree
  m_Childs: []
  m_BlendParameter: vSpeed
  m_BlendParameterY: Blend
  m_MinThreshold: 0
  m_MaxThreshold: 1
  m_UseAutomaticThresholds: 1
  m_NormalizedBlendValues: 0
  m_BlendType: 0
--- !u!1101 &110100248
AnimatorStateTransition:
  m_ObjectHideFlags: 1
  m_PrefabParentObject: {fileID: 0}
  m_PrefabInternal: {fileID: 0}
  m_Name: 
  m_Conditions:
  - m_ConditionMode: 4
    m_ConditionEvent: Speed
    m_EventTreshold: 0.1
  m_DstStateMachine: {fileID: 0}
  m_DstState: {fileID: 110269448}
  m_Solo: 0
  m_Mute: 0
  m_IsExit: 0
  serializedVersion: 3
  m_TransitionDuration: 0
  m_TransitionOffset: 0
  m_ExitTime: 1.0025226
  m_HasExitTime: 0
  m_HasFixedDuration: 1
  m_InterruptionSource: 0
  m_OrderedInterruption: 1
  m_CanTransitionToSelf: 1
--- !u!1101 &110114562
AnimatorStateTransition:
  m_ObjectHideFlags: 1
  m_PrefabParentObject: {fileID: 0}
  m_PrefabInternal: {fileID: 0}
  m_Name: 
  m_Conditions:
  - m_ConditionMode: 1
    m_ConditionEvent: hide
    m_EventTreshold: 0
  m_DstStateMachine: {fileID: 0}
  m_DstState: {fileID: 110200594}
  m_Solo: 0
  m_Mute: 0
  m_IsExit: 0
  serializedVersion: 3
  m_TransitionDuration: 0
  m_TransitionOffset: 0
  m_ExitTime: 0.375
  m_HasExitTime: 0
  m_HasFixedDuration: 0
  m_InterruptionSource: 0
  m_OrderedInterruption: 1
  m_CanTransitionToSelf: 1
--- !u!1101 &110120566
AnimatorStateTransition:
  m_ObjectHideFlags: 1
  m_PrefabParentObject: {fileID: 0}
  m_PrefabInternal: {fileID: 0}
  m_Name: 
  m_Conditions: []
  m_DstStateMachine: {fileID: 0}
  m_DstState: {fileID: 110228606}
  m_Solo: 0
  m_Mute: 0
  m_IsExit: 0
  serializedVersion: 3
  m_TransitionDuration: 0.25
  m_TransitionOffset: 0
  m_ExitTime: 0.375
  m_HasExitTime: 1
  m_HasFixedDuration: 1
  m_InterruptionSource: 0
  m_OrderedInterruption: 1
  m_CanTransitionToSelf: 1
--- !u!1101 &110123550
AnimatorStateTransition:
  m_ObjectHideFlags: 1
  m_PrefabParentObject: {fileID: 0}
  m_PrefabInternal: {fileID: 0}
  m_Name: 
  m_Conditions:
  - m_ConditionMode: 1
    m_ConditionEvent: hide
    m_EventTreshold: 0
  m_DstStateMachine: {fileID: 0}
  m_DstState: {fileID: 110200594}
  m_Solo: 0
  m_Mute: 0
  m_IsExit: 0
  serializedVersion: 3
  m_TransitionDuration: 0
  m_TransitionOffset: 0
  m_ExitTime: 0.8
  m_HasExitTime: 0
  m_HasFixedDuration: 0
  m_InterruptionSource: 0
  m_OrderedInterruption: 1
  m_CanTransitionToSelf: 1
--- !u!1101 &110124264
AnimatorStateTransition:
  m_ObjectHideFlags: 1
  m_PrefabParentObject: {fileID: 0}
  m_PrefabInternal: {fileID: 0}
  m_Name: 
  m_Conditions:
  - m_ConditionMode: 3
    m_ConditionEvent: Speed
    m_EventTreshold: 0.01
  - m_ConditionMode: 1
    m_ConditionEvent: crouching
    m_EventTreshold: 0
  m_DstStateMachine: {fileID: 0}
  m_DstState: {fileID: 110295232}
  m_Solo: 0
  m_Mute: 0
  m_IsExit: 0
  serializedVersion: 3
  m_TransitionDuration: 0
  m_TransitionOffset: 0
  m_ExitTime: 0.8
  m_HasExitTime: 0
  m_HasFixedDuration: 0
  m_InterruptionSource: 0
  m_OrderedInterruption: 1
  m_CanTransitionToSelf: 1
--- !u!1101 &110126296
AnimatorStateTransition:
  m_ObjectHideFlags: 3
  m_PrefabParentObject: {fileID: 0}
  m_PrefabInternal: {fileID: 0}
  m_Name: 
  m_Conditions:
  - m_ConditionMode: 1
    m_ConditionEvent: Ground
    m_EventTreshold: 0
  m_DstStateMachine: {fileID: 0}
  m_DstState: {fileID: 110269448}
  m_Solo: 0
  m_Mute: 0
  m_IsExit: 0
  serializedVersion: 3
  m_TransitionDuration: 0
  m_TransitionOffset: 0
  m_ExitTime: 0.9000001
  m_HasExitTime: 1
  m_HasFixedDuration: 1
  m_InterruptionSource: 0
  m_OrderedInterruption: 1
  m_CanTransitionToSelf: 1
--- !u!1101 &110127128
AnimatorStateTransition:
  m_ObjectHideFlags: 1
  m_PrefabParentObject: {fileID: 0}
  m_PrefabInternal: {fileID: 0}
  m_Name: 
  m_Conditions:
  - m_ConditionMode: 1
    m_ConditionEvent: crouching
    m_EventTreshold: 0
  - m_ConditionMode: 1
    m_ConditionEvent: ground
    m_EventTreshold: 0
  m_DstStateMachine: {fileID: 0}
  m_DstState: {fileID: 110225196}
  m_Solo: 0
  m_Mute: 0
  m_IsExit: 0
  serializedVersion: 3
  m_TransitionDuration: 0
  m_TransitionOffset: 0
  m_ExitTime: 0.54545456
  m_HasExitTime: 0
  m_HasFixedDuration: 0
  m_InterruptionSource: 0
  m_OrderedInterruption: 1
  m_CanTransitionToSelf: 1
--- !u!1101 &110127500
AnimatorStateTransition:
  m_ObjectHideFlags: 1
  m_PrefabParentObject: {fileID: 0}
  m_PrefabInternal: {fileID: 0}
  m_Name: 
  m_Conditions:
  - m_ConditionMode: 2
    m_ConditionEvent: jumpAttack
    m_EventTreshold: 0
  m_DstStateMachine: {fileID: 0}
  m_DstState: {fileID: 110269448}
  m_Solo: 0
  m_Mute: 0
  m_IsExit: 0
  serializedVersion: 3
  m_TransitionDuration: 0
  m_TransitionOffset: 0
  m_ExitTime: 0.6428572
  m_HasExitTime: 0
  m_HasFixedDuration: 0
  m_InterruptionSource: 0
  m_OrderedInterruption: 1
  m_CanTransitionToSelf: 1
--- !u!1101 &110128122
AnimatorStateTransition:
  m_ObjectHideFlags: 1
  m_PrefabParentObject: {fileID: 0}
  m_PrefabInternal: {fileID: 0}
  m_Name: 
  m_Conditions: []
  m_DstStateMachine: {fileID: 0}
  m_DstState: {fileID: 110298858}
  m_Solo: 0
  m_Mute: 0
  m_IsExit: 0
  serializedVersion: 3
  m_TransitionDuration: 0.1
  m_TransitionOffset: 0
  m_ExitTime: 0.9
  m_HasExitTime: 1
  m_HasFixedDuration: 1
  m_InterruptionSource: 0
  m_OrderedInterruption: 1
  m_CanTransitionToSelf: 1
--- !u!1101 &110128870
AnimatorStateTransition:
  m_ObjectHideFlags: 1
  m_PrefabParentObject: {fileID: 0}
  m_PrefabInternal: {fileID: 0}
  m_Name: 
  m_Conditions:
  - m_ConditionMode: 1
    m_ConditionEvent: ground
    m_EventTreshold: 0
  m_DstStateMachine: {fileID: 0}
  m_DstState: {fileID: 110269448}
  m_Solo: 0
  m_Mute: 0
  m_IsExit: 0
  serializedVersion: 3
  m_TransitionDuration: 0
  m_TransitionOffset: 0
  m_ExitTime: 0.375
  m_HasExitTime: 0
  m_HasFixedDuration: 0
  m_InterruptionSource: 0
  m_OrderedInterruption: 1
  m_CanTransitionToSelf: 1
--- !u!1101 &110133858
AnimatorStateTransition:
  m_ObjectHideFlags: 3
  m_PrefabParentObject: {fileID: 0}
  m_PrefabInternal: {fileID: 0}
  m_Name: 
  m_Conditions: []
  m_DstStateMachine: {fileID: 0}
  m_DstState: {fileID: 0}
  m_Solo: 0
  m_Mute: 0
  m_IsExit: 0
  serializedVersion: 3
  m_TransitionDuration: 0.25
  m_TransitionOffset: 0
  m_ExitTime: 0
  m_HasExitTime: 1
  m_HasFixedDuration: 0
  m_InterruptionSource: 0
  m_OrderedInterruption: 1
  m_CanTransitionToSelf: 1
--- !u!1101 &110137772
AnimatorStateTransition:
  m_ObjectHideFlags: 3
  m_PrefabParentObject: {fileID: 0}
  m_PrefabInternal: {fileID: 0}
  m_Name: 
  m_Conditions:
  - m_ConditionMode: 1
    m_ConditionEvent: jumpattack
    m_EventTreshold: 0
  m_DstStateMachine: {fileID: 0}
  m_DstState: {fileID: 110220338}
  m_Solo: 0
  m_Mute: 0
  m_IsExit: 0
  serializedVersion: 3
  m_TransitionDuration: 0
  m_TransitionOffset: 0
  m_ExitTime: 0
  m_HasExitTime: 1
  m_HasFixedDuration: 0
  m_InterruptionSource: 3
  m_OrderedInterruption: 1
  m_CanTransitionToSelf: 1
--- !u!1101 &110143762
AnimatorStateTransition:
  m_ObjectHideFlags: 1
  m_PrefabParentObject: {fileID: 0}
  m_PrefabInternal: {fileID: 0}
  m_Name: 
  m_Conditions: []
  m_DstStateMachine: {fileID: 0}
  m_DstState: {fileID: 110223618}
  m_Solo: 0
  m_Mute: 0
  m_IsExit: 0
  serializedVersion: 3
  m_TransitionDuration: 0.25
  m_TransitionOffset: 0
  m_ExitTime: 0.375
  m_HasExitTime: 1
  m_HasFixedDuration: 1
  m_InterruptionSource: 0
  m_OrderedInterruption: 1
  m_CanTransitionToSelf: 1
--- !u!1101 &110145214
AnimatorStateTransition:
  m_ObjectHideFlags: 1
  m_PrefabParentObject: {fileID: 0}
  m_PrefabInternal: {fileID: 0}
  m_Name: 
  m_Conditions: []
  m_DstStateMachine: {fileID: 0}
  m_DstState: {fileID: 110298858}
  m_Solo: 0
  m_Mute: 0
  m_IsExit: 0
  serializedVersion: 3
  m_TransitionDuration: 0.25
  m_TransitionOffset: 0
  m_ExitTime: 0.54545456
  m_HasExitTime: 1
  m_HasFixedDuration: 1
  m_InterruptionSource: 0
  m_OrderedInterruption: 1
  m_CanTransitionToSelf: 1
--- !u!1101 &110147756
AnimatorStateTransition:
  m_ObjectHideFlags: 1
  m_PrefabParentObject: {fileID: 0}
  m_PrefabInternal: {fileID: 0}
  m_Name: 
  m_Conditions:
  - m_ConditionMode: 1
    m_ConditionEvent: attack
    m_EventTreshold: 0
  - m_ConditionMode: 3
    m_ConditionEvent: Speed
    m_EventTreshold: 0.1
  m_DstStateMachine: {fileID: 0}
  m_DstState: {fileID: 110226624}
  m_Solo: 0
  m_Mute: 0
  m_IsExit: 0
  serializedVersion: 3
  m_TransitionDuration: 0
  m_TransitionOffset: 0
  m_ExitTime: 0.375
  m_HasExitTime: 0
  m_HasFixedDuration: 0
  m_InterruptionSource: 0
  m_OrderedInterruption: 1
  m_CanTransitionToSelf: 1
--- !u!1101 &110149848
AnimatorStateTransition:
  m_ObjectHideFlags: 1
  m_PrefabParentObject: {fileID: 0}
  m_PrefabInternal: {fileID: 0}
  m_Name: 
  m_Conditions:
  - m_ConditionMode: 1
    m_ConditionEvent: jumpAttack
    m_EventTreshold: 0
  m_DstStateMachine: {fileID: 0}
  m_DstState: {fileID: 110234394}
  m_Solo: 0
  m_Mute: 0
  m_IsExit: 0
  serializedVersion: 3
  m_TransitionDuration: 0
  m_TransitionOffset: 0
  m_ExitTime: 0.28571433
  m_HasExitTime: 0
  m_HasFixedDuration: 0
  m_InterruptionSource: 0
  m_OrderedInterruption: 1
  m_CanTransitionToSelf: 1
--- !u!1101 &110150454
AnimatorStateTransition:
  m_ObjectHideFlags: 1
  m_PrefabParentObject: {fileID: 0}
  m_PrefabInternal: {fileID: 0}
  m_Name: 
  m_Conditions:
  - m_ConditionMode: 1
    m_ConditionEvent: hide
    m_EventTreshold: 0
  m_DstStateMachine: {fileID: 0}
  m_DstState: {fileID: 110200594}
  m_Solo: 0
  m_Mute: 0
  m_IsExit: 0
  serializedVersion: 3
  m_TransitionDuration: 0
  m_TransitionOffset: 0
  m_ExitTime: 0.79545456
  m_HasExitTime: 0
  m_HasFixedDuration: 0
  m_InterruptionSource: 0
  m_OrderedInterruption: 1
  m_CanTransitionToSelf: 1
--- !u!1101 &110151632
AnimatorStateTransition:
  m_ObjectHideFlags: 3
  m_PrefabParentObject: {fileID: 0}
  m_PrefabInternal: {fileID: 0}
  m_Name: 
  m_Conditions:
  - m_ConditionMode: 1
    m_ConditionEvent: Ground
    m_EventTreshold: 0
  m_DstStateMachine: {fileID: 0}
  m_DstState: {fileID: 110269448}
  m_Solo: 0
  m_Mute: 0
  m_IsExit: 0
  serializedVersion: 3
  m_TransitionDuration: 0
  m_TransitionOffset: 0
  m_ExitTime: 0.9000001
  m_HasExitTime: 1
  m_HasFixedDuration: 1
  m_InterruptionSource: 0
  m_OrderedInterruption: 1
  m_CanTransitionToSelf: 1
--- !u!1101 &110152596
AnimatorStateTransition:
  m_ObjectHideFlags: 1
  m_PrefabParentObject: {fileID: 0}
  m_PrefabInternal: {fileID: 0}
  m_Name: 
  m_Conditions:
  - m_ConditionMode: 1
    m_ConditionEvent: attack
    m_EventTreshold: 0
  - m_ConditionMode: 3
    m_ConditionEvent: Speed
    m_EventTreshold: 0.1
  m_DstStateMachine: {fileID: 0}
  m_DstState: {fileID: 110226624}
  m_Solo: 0
  m_Mute: 0
  m_IsExit: 0
  serializedVersion: 3
  m_TransitionDuration: 0
  m_TransitionOffset: 0
  m_ExitTime: 0.79545456
  m_HasExitTime: 0
  m_HasFixedDuration: 0
  m_InterruptionSource: 0
  m_OrderedInterruption: 1
  m_CanTransitionToSelf: 1
--- !u!1101 &110153968
AnimatorStateTransition:
  m_ObjectHideFlags: 1
  m_PrefabParentObject: {fileID: 0}
  m_PrefabInternal: {fileID: 0}
  m_Name: 
  m_Conditions:
  - m_ConditionMode: 1
    m_ConditionEvent: ground
    m_EventTreshold: 0
  m_DstStateMachine: {fileID: 0}
  m_DstState: {fileID: 110269448}
  m_Solo: 0
  m_Mute: 0
  m_IsExit: 0
  serializedVersion: 3
  m_TransitionDuration: 0
  m_TransitionOffset: 0
  m_ExitTime: 0.28571433
  m_HasExitTime: 0
  m_HasFixedDuration: 0
  m_InterruptionSource: 0
  m_OrderedInterruption: 1
  m_CanTransitionToSelf: 1
--- !u!1101 &110156930
AnimatorStateTransition:
  m_ObjectHideFlags: 1
  m_PrefabParentObject: {fileID: 0}
  m_PrefabInternal: {fileID: 0}
  m_Name: 
  m_Conditions:
  - m_ConditionMode: 2
    m_ConditionEvent: crouching
    m_EventTreshold: 0
  m_DstStateMachine: {fileID: 0}
  m_DstState: {fileID: 110269448}
  m_Solo: 0
  m_Mute: 0
  m_IsExit: 0
  serializedVersion: 3
  m_TransitionDuration: 0
  m_TransitionOffset: 0
  m_ExitTime: 0.8
  m_HasExitTime: 0
  m_HasFixedDuration: 1
  m_InterruptionSource: 0
  m_OrderedInterruption: 1
  m_CanTransitionToSelf: 1
--- !u!1101 &110160394
AnimatorStateTransition:
  m_ObjectHideFlags: 1
  m_PrefabParentObject: {fileID: 0}
  m_PrefabInternal: {fileID: 0}
  m_Name: 
  m_Conditions: []
  m_DstStateMachine: {fileID: 0}
  m_DstState: {fileID: 110298858}
  m_Solo: 0
  m_Mute: 0
  m_IsExit: 0
  serializedVersion: 3
  m_TransitionDuration: 0.25
  m_TransitionOffset: 0
  m_ExitTime: 0.375
  m_HasExitTime: 1
  m_HasFixedDuration: 1
  m_InterruptionSource: 0
  m_OrderedInterruption: 1
  m_CanTransitionToSelf: 1
--- !u!1101 &110162266
AnimatorStateTransition:
  m_ObjectHideFlags: 1
  m_PrefabParentObject: {fileID: 0}
  m_PrefabInternal: {fileID: 0}
  m_Name: 
  m_Conditions:
  - m_ConditionMode: 1
    m_ConditionEvent: jumpAttack
    m_EventTreshold: 0
  m_DstStateMachine: {fileID: 0}
  m_DstState: {fileID: 110234394}
  m_Solo: 0
  m_Mute: 0
  m_IsExit: 0
  serializedVersion: 3
  m_TransitionDuration: 0
  m_TransitionOffset: 0
  m_ExitTime: 0.375
  m_HasExitTime: 0
  m_HasFixedDuration: 0
  m_InterruptionSource: 0
  m_OrderedInterruption: 1
  m_CanTransitionToSelf: 1
--- !u!1101 &110167764
AnimatorStateTransition:
  m_ObjectHideFlags: 1
  m_PrefabParentObject: {fileID: 0}
  m_PrefabInternal: {fileID: 0}
  m_Name: 
  m_Conditions:
  - m_ConditionMode: 1
    m_ConditionEvent: land
    m_EventTreshold: 0
  m_DstStateMachine: {fileID: 0}
  m_DstState: {fileID: 110279246}
  m_Solo: 0
  m_Mute: 0
  m_IsExit: 0
  serializedVersion: 3
  m_TransitionDuration: 0
  m_TransitionOffset: 0
  m_ExitTime: 0.28571433
  m_HasExitTime: 0
  m_HasFixedDuration: 0
  m_InterruptionSource: 0
  m_OrderedInterruption: 1
  m_CanTransitionToSelf: 1
--- !u!1101 &110169582
AnimatorStateTransition:
  m_ObjectHideFlags: 1
  m_PrefabParentObject: {fileID: 0}
  m_PrefabInternal: {fileID: 0}
  m_Name: 
  m_Conditions:
  - m_ConditionMode: 2
    m_ConditionEvent: ground
    m_EventTreshold: 0
  m_DstStateMachine: {fileID: 0}
  m_DstState: {fileID: 110298928}
  m_Solo: 0
  m_Mute: 0
  m_IsExit: 0
  serializedVersion: 3
  m_TransitionDuration: 0
  m_TransitionOffset: 0
  m_ExitTime: 0.54545456
  m_HasExitTime: 0
  m_HasFixedDuration: 0
  m_InterruptionSource: 0
  m_OrderedInterruption: 1
  m_CanTransitionToSelf: 1
--- !u!1101 &110171810
AnimatorStateTransition:
  m_ObjectHideFlags: 1
  m_PrefabParentObject: {fileID: 0}
  m_PrefabInternal: {fileID: 0}
  m_Name: 
  m_Conditions:
  - m_ConditionMode: 3
    m_ConditionEvent: Speed
    m_EventTreshold: 0.1
  - m_ConditionMode: 2
    m_ConditionEvent: crouching
    m_EventTreshold: 0
  m_DstStateMachine: {fileID: 0}
  m_DstState: {fileID: 110272244}
  m_Solo: 0
  m_Mute: 0
  m_IsExit: 0
  serializedVersion: 3
  m_TransitionDuration: 0
  m_TransitionOffset: 0
  m_ExitTime: 1.0000001
  m_HasExitTime: 0
  m_HasFixedDuration: 1
  m_InterruptionSource: 0
  m_OrderedInterruption: 1
  m_CanTransitionToSelf: 1
--- !u!1101 &110174046
AnimatorStateTransition:
  m_ObjectHideFlags: 1
  m_PrefabParentObject: {fileID: 0}
  m_PrefabInternal: {fileID: 0}
  m_Name: 
  m_Conditions:
  - m_ConditionMode: 2
    m_ConditionEvent: ground
    m_EventTreshold: 0
  - m_ConditionMode: 3
    m_ConditionEvent: vSpeed
    m_EventTreshold: 0.01
  m_DstStateMachine: {fileID: 0}
  m_DstState: {fileID: 110298928}
  m_Solo: 0
  m_Mute: 0
  m_IsExit: 0
  serializedVersion: 3
  m_TransitionDuration: 0
  m_TransitionOffset: 0
  m_ExitTime: 0.375
  m_HasExitTime: 0
  m_HasFixedDuration: 0
  m_InterruptionSource: 0
  m_OrderedInterruption: 1
  m_CanTransitionToSelf: 1
--- !u!1101 &110186176
AnimatorStateTransition:
  m_ObjectHideFlags: 1
  m_PrefabParentObject: {fileID: 0}
  m_PrefabInternal: {fileID: 0}
  m_Name: 
  m_Conditions:
  - m_ConditionMode: 1
    m_ConditionEvent: crouching
    m_EventTreshold: 0
  - m_ConditionMode: 4
    m_ConditionEvent: Speed
    m_EventTreshold: 0.01
  m_DstStateMachine: {fileID: 0}
  m_DstState: {fileID: 110225196}
  m_Solo: 0
  m_Mute: 0
  m_IsExit: 0
  serializedVersion: 3
  m_TransitionDuration: 0
  m_TransitionOffset: 0
  m_ExitTime: 0.79545456
  m_HasExitTime: 0
  m_HasFixedDuration: 0
  m_InterruptionSource: 0
  m_OrderedInterruption: 1
  m_CanTransitionToSelf: 1
--- !u!1101 &110194368
AnimatorStateTransition:
  m_ObjectHideFlags: 1
  m_PrefabParentObject: {fileID: 0}
  m_PrefabInternal: {fileID: 0}
  m_Name: 
  m_Conditions:
  - m_ConditionMode: 2
    m_ConditionEvent: attack
    m_EventTreshold: 0
  m_DstStateMachine: {fileID: 0}
  m_DstState: {fileID: 110269448}
  m_Solo: 0
  m_Mute: 0
  m_IsExit: 0
  serializedVersion: 3
  m_TransitionDuration: 0
  m_TransitionOffset: 0.41553587
  m_ExitTime: 0.9988692
  m_HasExitTime: 0
  m_HasFixedDuration: 0
  m_InterruptionSource: 0
  m_OrderedInterruption: 1
  m_CanTransitionToSelf: 1
--- !u!1101 &110195528
AnimatorStateTransition:
  m_ObjectHideFlags: 1
  m_PrefabParentObject: {fileID: 0}
  m_PrefabInternal: {fileID: 0}
  m_Name: 
  m_Conditions: []
  m_DstStateMachine: {fileID: 0}
  m_DstState: {fileID: 0}
  m_Solo: 0
  m_Mute: 0
  m_IsExit: 0
  serializedVersion: 3
  m_TransitionDuration: 0.1
  m_TransitionOffset: 0
  m_ExitTime: 0.9
  m_HasExitTime: 1
  m_HasFixedDuration: 1
  m_InterruptionSource: 0
  m_OrderedInterruption: 1
  m_CanTransitionToSelf: 1
--- !u!1101 &110196172
AnimatorStateTransition:
  m_ObjectHideFlags: 1
  m_PrefabParentObject: {fileID: 0}
  m_PrefabInternal: {fileID: 0}
  m_Name: 
  m_Conditions:
  - m_ConditionMode: 1
    m_ConditionEvent: hide
    m_EventTreshold: 0
  m_DstStateMachine: {fileID: 0}
  m_DstState: {fileID: 110200594}
  m_Solo: 0
  m_Mute: 0
  m_IsExit: 0
  serializedVersion: 3
  m_TransitionDuration: 0
  m_TransitionOffset: 0
  m_ExitTime: 0.5833334
  m_HasExitTime: 0
  m_HasFixedDuration: 0
  m_InterruptionSource: 0
  m_OrderedInterruption: 1
  m_CanTransitionToSelf: 1
--- !u!1102 &110200594
AnimatorState:
  serializedVersion: 5
  m_ObjectHideFlags: 1
  m_PrefabParentObject: {fileID: 0}
  m_PrefabInternal: {fileID: 0}
  m_Name: hide
  m_Speed: 1
  m_CycleOffset: 0
  m_Transitions:
  - {fileID: 1101396991954652852}
  m_StateMachineBehaviours: []
  m_Position: {x: 50, y: 50, z: 0}
  m_IKOnFeet: 0
  m_WriteDefaultValues: 1
  m_Mirror: 0
  m_SpeedParameterActive: 0
  m_MirrorParameterActive: 0
  m_CycleOffsetParameterActive: 0
  m_Motion: {fileID: 7400000, guid: bfe72f095083b2a469ded290bc38a1cb, type: 2}
  m_Tag: 
  m_SpeedParameter: 
  m_MirrorParameter: 
  m_CycleOffsetParameter: 
--- !u!1102 &110225196
AnimatorState:
  serializedVersion: 5
  m_ObjectHideFlags: 1
  m_PrefabParentObject: {fileID: 0}
  m_PrefabInternal: {fileID: 0}
  m_Name: crouch
  m_Speed: 1
  m_CycleOffset: 0
  m_Transitions:
  - {fileID: 110156930}
  - {fileID: 110124264}
  - {fileID: 110123550}
  - {fileID: 1101291906335749342}
  m_StateMachineBehaviours: []
  m_Position: {x: 50, y: 50, z: 0}
  m_IKOnFeet: 0
  m_WriteDefaultValues: 1
  m_Mirror: 0
  m_SpeedParameterActive: 0
  m_MirrorParameterActive: 0
  m_CycleOffsetParameterActive: 0
  m_Motion: {fileID: 7400000, guid: a9286b059a9d4624ea30d6708cfe1184, type: 2}
  m_Tag: 
  m_SpeedParameter: 
  m_MirrorParameter: 
  m_CycleOffsetParameter: 
--- !u!1102 &110226624
AnimatorState:
  serializedVersion: 5
  m_ObjectHideFlags: 1
  m_PrefabParentObject: {fileID: 0}
  m_PrefabInternal: {fileID: 0}
  m_Name: landAttack
  m_Speed: 1
  m_CycleOffset: 0
  m_Transitions:
  - {fileID: 110194368}
  m_StateMachineBehaviours: []
  m_Position: {x: 50, y: 50, z: 0}
  m_IKOnFeet: 0
  m_WriteDefaultValues: 1
  m_Mirror: 0
  m_SpeedParameterActive: 0
  m_MirrorParameterActive: 0
  m_CycleOffsetParameterActive: 0
  m_Motion: {fileID: 7400000, guid: 61ce734397780fa4d926c814ead75de0, type: 2}
  m_Tag: 
  m_SpeedParameter: 
  m_MirrorParameter: 
  m_CycleOffsetParameter: 
--- !u!1102 &110229128
AnimatorState:
  serializedVersion: 5
  m_ObjectHideFlags: 1
  m_PrefabParentObject: {fileID: 0}
  m_PrefabInternal: {fileID: 0}
  m_Name: New State
  m_Speed: 1
  m_CycleOffset: 0
  m_Transitions: []
  m_StateMachineBehaviours: []
  m_Position: {x: 50, y: 50, z: 0}
  m_IKOnFeet: 0
  m_WriteDefaultValues: 1
  m_Mirror: 0
  m_SpeedParameterActive: 0
  m_MirrorParameterActive: 0
  m_CycleOffsetParameterActive: 0
  m_Motion: {fileID: 0}
  m_Tag: 
  m_SpeedParameter: 
  m_MirrorParameter: 
  m_CycleOffsetParameter: 
--- !u!1102 &110234394
AnimatorState:
  serializedVersion: 5
  m_ObjectHideFlags: 1
  m_PrefabParentObject: {fileID: 0}
  m_PrefabInternal: {fileID: 0}
  m_Name: jumpAttack
  m_Speed: 1
  m_CycleOffset: 0
  m_Transitions:
  - {fileID: 110127500}
  m_StateMachineBehaviours: []
  m_Position: {x: 50, y: 50, z: 0}
  m_IKOnFeet: 0
  m_WriteDefaultValues: 1
  m_Mirror: 0
  m_SpeedParameterActive: 0
  m_MirrorParameterActive: 0
  m_CycleOffsetParameterActive: 0
  m_Motion: {fileID: 7400000, guid: 12e3554f5ec119040a6393e5ef8ca1a3, type: 2}
  m_Tag: 
  m_SpeedParameter: 
  m_MirrorParameter: 
  m_CycleOffsetParameter: 
--- !u!1102 &110269448
AnimatorState:
  serializedVersion: 5
  m_ObjectHideFlags: 1
  m_PrefabParentObject: {fileID: 0}
  m_PrefabInternal: {fileID: 0}
  m_Name: idle
  m_Speed: 1
  m_CycleOffset: 0
  m_Transitions:
  - {fileID: 110171810}
  - {fileID: 110169582}
  - {fileID: 110127128}
  - {fileID: 110196172}
  - {fileID: 1101174615861508244}
  m_StateMachineBehaviours: []
  m_Position: {x: 50, y: 50, z: 0}
  m_IKOnFeet: 0
  m_WriteDefaultValues: 1
  m_Mirror: 0
  m_SpeedParameterActive: 0
  m_MirrorParameterActive: 0
  m_CycleOffsetParameterActive: 0
  m_Motion: {fileID: 7400000, guid: 49a7ee26b8287a94ea878fde746b584f, type: 2}
  m_Tag: 
  m_SpeedParameter: 
  m_MirrorParameter: 
  m_CycleOffsetParameter: 
--- !u!1102 &110272244
AnimatorState:
  serializedVersion: 5
  m_ObjectHideFlags: 1
  m_PrefabParentObject: {fileID: 0}
  m_PrefabInternal: {fileID: 0}
  m_Name: running
  m_Speed: 1
  m_CycleOffset: 0
  m_Transitions:
  - {fileID: 110100248}
  - {fileID: 110174046}
  - {fileID: 110147756}
  - {fileID: 110114562}
  - {fileID: 1101682741206151680}
  - {fileID: 1101637586091367754}
  m_StateMachineBehaviours: []
  m_Position: {x: 50, y: 50, z: 0}
  m_IKOnFeet: 0
  m_WriteDefaultValues: 1
  m_Mirror: 0
  m_SpeedParameterActive: 0
  m_MirrorParameterActive: 0
  m_CycleOffsetParameterActive: 0
  m_Motion: {fileID: 7400000, guid: 667958c2d2c2b17479a89b3406df6258, type: 2}
  m_Tag: 
  m_SpeedParameter: 
  m_MirrorParameter: 
  m_CycleOffsetParameter: 
--- !u!1102 &110279246
AnimatorState:
  serializedVersion: 5
  m_ObjectHideFlags: 1
  m_PrefabParentObject: {fileID: 0}
  m_PrefabInternal: {fileID: 0}
  m_Name: Landing
  m_Speed: 1
  m_CycleOffset: 0
  m_Transitions:
  - {fileID: 110128870}
  - {fileID: 110162266}
  - {fileID: 1101124835157423898}
  m_StateMachineBehaviours: []
  m_Position: {x: 50, y: 50, z: 0}
  m_IKOnFeet: 0
  m_WriteDefaultValues: 1
  m_Mirror: 0
  m_SpeedParameterActive: 0
  m_MirrorParameterActive: 0
  m_CycleOffsetParameterActive: 0
  m_Motion: {fileID: 7400000, guid: 83b372f7278a925469f9a7fad2478192, type: 2}
  m_Tag: 
  m_SpeedParameter: 
  m_MirrorParameter: 
  m_CycleOffsetParameter: 
--- !u!1102 &110284368
AnimatorState:
  serializedVersion: 5
  m_ObjectHideFlags: 1
  m_PrefabParentObject: {fileID: 0}
  m_PrefabInternal: {fileID: 0}
  m_Name: hide
  m_Speed: 1
  m_CycleOffset: 0
  m_Transitions: []
  m_StateMachineBehaviours: []
  m_Position: {x: 50, y: 50, z: 0}
  m_IKOnFeet: 0
  m_WriteDefaultValues: 1
  m_Mirror: 0
  m_SpeedParameterActive: 0
  m_MirrorParameterActive: 0
  m_CycleOffsetParameterActive: 0
  m_Motion: {fileID: 0}
  m_Tag: 
  m_SpeedParameter: 
  m_MirrorParameter: 
  m_CycleOffsetParameter: 
--- !u!1102 &110295232
AnimatorState:
  serializedVersion: 5
  m_ObjectHideFlags: 1
  m_PrefabParentObject: {fileID: 0}
  m_PrefabInternal: {fileID: 0}
  m_Name: kneeling
  m_Speed: 1
  m_CycleOffset: 0
  m_Transitions:
  - {fileID: 110186176}
  - {fileID: 110152596}
  - {fileID: 110150454}
  - {fileID: 1101486110065183770}
  - {fileID: 1101229937389973198}
  m_StateMachineBehaviours: []
  m_Position: {x: 50, y: 50, z: 0}
  m_IKOnFeet: 0
  m_WriteDefaultValues: 1
  m_Mirror: 0
  m_SpeedParameterActive: 0
  m_MirrorParameterActive: 0
  m_CycleOffsetParameterActive: 0
  m_Motion: {fileID: 7400000, guid: e7ae6346f4d63c146ac1993e98a9d2b4, type: 2}
  m_Tag: 
  m_SpeedParameter: 
  m_MirrorParameter: 
  m_CycleOffsetParameter: 
--- !u!1102 &110298858
AnimatorState:
  serializedVersion: 5
  m_ObjectHideFlags: 1
  m_PrefabParentObject: {fileID: 0}
  m_PrefabInternal: {fileID: 0}
  m_Name: New State
  m_Speed: 1
  m_CycleOffset: 0
  m_Transitions: []
  m_StateMachineBehaviours: []
  m_Position: {x: 50, y: 50, z: 0}
  m_IKOnFeet: 0
  m_WriteDefaultValues: 1
  m_Mirror: 0
  m_SpeedParameterActive: 0
  m_MirrorParameterActive: 0
  m_CycleOffsetParameterActive: 0
  m_Motion: {fileID: 0}
  m_Tag: 
  m_SpeedParameter: 
  m_MirrorParameter: 
  m_CycleOffsetParameter: 
--- !u!1102 &110298928
AnimatorState:
  serializedVersion: 5
  m_ObjectHideFlags: 1
  m_PrefabParentObject: {fileID: 0}
  m_PrefabInternal: {fileID: 0}
  m_Name: takeOff
  m_Speed: 1
  m_CycleOffset: 0
  m_Transitions:
  - {fileID: 110167764}
  - {fileID: 110149848}
  - {fileID: 110153968}
  m_StateMachineBehaviours: []
  m_Position: {x: 50, y: 50, z: 0}
  m_IKOnFeet: 0
  m_WriteDefaultValues: 1
  m_Mirror: 0
  m_SpeedParameterActive: 0
  m_MirrorParameterActive: 0
  m_CycleOffsetParameterActive: 0
  m_Motion: {fileID: 7400000, guid: 08be0dc3ef63aba408e1d7fc887a61b7, type: 2}
  m_Tag: 
  m_SpeedParameter: 
  m_MirrorParameter: 
  m_CycleOffsetParameter: 
--- !u!1107 &110714300
AnimatorStateMachine:
  serializedVersion: 5
  m_ObjectHideFlags: 1
  m_PrefabParentObject: {fileID: 0}
  m_PrefabInternal: {fileID: 0}
  m_Name: New Layer
  m_ChildStates: []
  m_ChildStateMachines: []
  m_AnyStateTransitions: []
  m_EntryTransitions: []
  m_StateMachineTransitions: {}
  m_StateMachineBehaviours: []
  m_AnyStatePosition: {x: 50, y: 20, z: 0}
  m_EntryPosition: {x: 50, y: 120, z: 0}
  m_ExitPosition: {x: 800, y: 120, z: 0}
  m_ParentStateMachinePosition: {x: 800, y: 20, z: 0}
  m_DefaultState: {fileID: 0}
--- !u!1107 &110759202
AnimatorStateMachine:
  serializedVersion: 5
  m_ObjectHideFlags: 1
  m_PrefabParentObject: {fileID: 0}
  m_PrefabInternal: {fileID: 0}
  m_Name: New Layer
  m_ChildStates: []
  m_ChildStateMachines: []
  m_AnyStateTransitions: []
  m_EntryTransitions: []
  m_StateMachineTransitions: {}
  m_StateMachineBehaviours: []
  m_AnyStatePosition: {x: 50, y: 20, z: 0}
  m_EntryPosition: {x: 50, y: 120, z: 0}
  m_ExitPosition: {x: 800, y: 120, z: 0}
  m_ParentStateMachinePosition: {x: 800, y: 20, z: 0}
  m_DefaultState: {fileID: 0}
--- !u!1107 &110766028
AnimatorStateMachine:
  serializedVersion: 5
  m_ObjectHideFlags: 1
  m_PrefabParentObject: {fileID: 0}
  m_PrefabInternal: {fileID: 0}
  m_Name: Groundlayer
  m_ChildStates:
  - serializedVersion: 1
    m_State: {fileID: 110269448}
    m_Position: {x: 204, y: -132, z: 0}
  - serializedVersion: 1
    m_State: {fileID: 110272244}
    m_Position: {x: 312, y: 252, z: 0}
  - serializedVersion: 1
    m_State: {fileID: 110279246}
    m_Position: {x: 492, y: 168, z: 0}
  - serializedVersion: 1
    m_State: {fileID: 110298928}
    m_Position: {x: 480, y: -132, z: 0}
  - serializedVersion: 1
    m_State: {fileID: 110234394}
    m_Position: {x: 636, y: 0, z: 0}
  - serializedVersion: 1
    m_State: {fileID: 110295232}
    m_Position: {x: -156, y: 156, z: 0}
  - serializedVersion: 1
    m_State: {fileID: 110225196}
    m_Position: {x: -96, y: -132, z: 0}
  - serializedVersion: 1
    m_State: {fileID: 110226624}
    m_Position: {x: 36, y: 252, z: 0}
  - serializedVersion: 1
    m_State: {fileID: 110200594}
    m_Position: {x: -276, y: 0, z: 0}
  - serializedVersion: 1
    m_State: {fileID: 1102185684524601282}
    m_Position: {x: 48, y: -228, z: 0}
  m_ChildStateMachines: []
  m_AnyStateTransitions: []
  m_EntryTransitions: []
  m_StateMachineTransitions: {}
  m_StateMachineBehaviours: []
  m_AnyStatePosition: {x: 144, y: -408, z: 0}
  m_EntryPosition: {x: 372, y: -396, z: 0}
  m_ExitPosition: {x: 144, y: -348, z: 0}
  m_ParentStateMachinePosition: {x: 800, y: 20, z: 0}
  m_DefaultState: {fileID: 110269448}
--- !u!1101 &1101124835157423898
AnimatorStateTransition:
  m_ObjectHideFlags: 1
  m_PrefabParentObject: {fileID: 0}
  m_PrefabInternal: {fileID: 0}
  m_Name: 
  m_Conditions:
  - m_ConditionMode: 1
    m_ConditionEvent: ground
    m_EventTreshold: 0
  m_DstStateMachine: {fileID: 0}
  m_DstState: {fileID: 110272244}
  m_Solo: 0
  m_Mute: 0
  m_IsExit: 0
  serializedVersion: 3
  m_TransitionDuration: 0
  m_TransitionOffset: 0
  m_ExitTime: 0.3181818
  m_HasExitTime: 0
  m_HasFixedDuration: 0
  m_InterruptionSource: 0
  m_OrderedInterruption: 1
  m_CanTransitionToSelf: 1
--- !u!1101 &1101147634406511190
AnimatorStateTransition:
  m_ObjectHideFlags: 1
  m_PrefabParentObject: {fileID: 0}
  m_PrefabInternal: {fileID: 0}
  m_Name: 
  m_Conditions: []
  m_DstStateMachine: {fileID: 0}
  m_DstState: {fileID: 110225196}
  m_Solo: 0
  m_Mute: 0
  m_IsExit: 0
  serializedVersion: 3
  m_TransitionDuration: 0.25
  m_TransitionOffset: 0
  m_ExitTime: 0.8
  m_HasExitTime: 1
  m_HasFixedDuration: 1
  m_InterruptionSource: 0
  m_OrderedInterruption: 1
  m_CanTransitionToSelf: 1
--- !u!1101 &1101174615861508244
AnimatorStateTransition:
  m_ObjectHideFlags: 1
  m_PrefabParentObject: {fileID: 0}
  m_PrefabInternal: {fileID: 0}
  m_Name: 
  m_Conditions:
  - m_ConditionMode: 1
    m_ConditionEvent: attack
    m_EventTreshold: 0
  m_DstStateMachine: {fileID: 0}
  m_DstState: {fileID: 1102185684524601282}
  m_Solo: 0
  m_Mute: 0
  m_IsExit: 0
  serializedVersion: 3
  m_TransitionDuration: 0
  m_TransitionOffset: 0
  m_ExitTime: 0.6875
  m_HasExitTime: 0
  m_HasFixedDuration: 0
  m_InterruptionSource: 0
  m_OrderedInterruption: 1
  m_CanTransitionToSelf: 1
--- !u!1101 &1101229937389973198
AnimatorStateTransition:
  m_ObjectHideFlags: 1
  m_PrefabParentObject: {fileID: 0}
  m_PrefabInternal: {fileID: 0}
  m_Name: 
  m_Conditions:
  - m_ConditionMode: 1
    m_ConditionEvent: land
    m_EventTreshold: 0
  m_DstStateMachine: {fileID: 0}
  m_DstState: {fileID: 110279246}
  m_Solo: 0
  m_Mute: 0
  m_IsExit: 0
  serializedVersion: 3
  m_TransitionDuration: 0
  m_TransitionOffset: 0
  m_ExitTime: 0.79545456
  m_HasExitTime: 0
  m_HasFixedDuration: 0
  m_InterruptionSource: 0
  m_OrderedInterruption: 1
  m_CanTransitionToSelf: 1
--- !u!1101 &1101291906335749342
AnimatorStateTransition:
  m_ObjectHideFlags: 1
  m_PrefabParentObject: {fileID: 0}
  m_PrefabInternal: {fileID: 0}
  m_Name: 
  m_Conditions:
  - m_ConditionMode: 1
    m_ConditionEvent: attack
    m_EventTreshold: 0
  m_DstStateMachine: {fileID: 0}
  m_DstState: {fileID: 1102185684524601282}
  m_Solo: 0
  m_Mute: 0
  m_IsExit: 0
  serializedVersion: 3
  m_TransitionDuration: 0
  m_TransitionOffset: 0
  m_ExitTime: 0.8
  m_HasExitTime: 0
  m_HasFixedDuration: 0
  m_InterruptionSource: 0
  m_OrderedInterruption: 1
  m_CanTransitionToSelf: 1
--- !u!1101 &1101396991954652852
AnimatorStateTransition:
  m_ObjectHideFlags: 1
  m_PrefabParentObject: {fileID: 0}
  m_PrefabInternal: {fileID: 0}
  m_Name: 
  m_Conditions:
  - m_ConditionMode: 2
    m_ConditionEvent: hide
    m_EventTreshold: 0
  m_DstStateMachine: {fileID: 0}
  m_DstState: {fileID: 110269448}
  m_Solo: 0
  m_Mute: 0
  m_IsExit: 0
  serializedVersion: 3
  m_TransitionDuration: 0
  m_TransitionOffset: 0
  m_ExitTime: 0
  m_HasExitTime: 0
  m_HasFixedDuration: 0
  m_InterruptionSource: 0
  m_OrderedInterruption: 1
  m_CanTransitionToSelf: 1
--- !u!1101 &1101486110065183770
AnimatorStateTransition:
  m_ObjectHideFlags: 1
  m_PrefabParentObject: {fileID: 0}
  m_PrefabInternal: {fileID: 0}
  m_Name: 
  m_Conditions:
  - m_ConditionMode: 2
    m_ConditionEvent: crouching
    m_EventTreshold: 0
  m_DstStateMachine: {fileID: 0}
  m_DstState: {fileID: 110269448}
  m_Solo: 0
  m_Mute: 0
  m_IsExit: 0
  serializedVersion: 3
  m_TransitionDuration: 0
  m_TransitionOffset: 0
  m_ExitTime: 0.79545456
  m_HasExitTime: 0
  m_HasFixedDuration: 0
  m_InterruptionSource: 0
  m_OrderedInterruption: 1
  m_CanTransitionToSelf: 1
--- !u!1101 &1101568365379095020
AnimatorStateTransition:
  m_ObjectHideFlags: 1
  m_PrefabParentObject: {fileID: 0}
  m_PrefabInternal: {fileID: 0}
  m_Name: 
  m_Conditions: []
  m_DstStateMachine: {fileID: 0}
  m_DstState: {fileID: 110272244}
  m_Solo: 0
  m_Mute: 0
  m_IsExit: 0
  serializedVersion: 3
  m_TransitionDuration: 0.25
  m_TransitionOffset: 0
  m_ExitTime: 0.375
  m_HasExitTime: 1
  m_HasFixedDuration: 1
  m_InterruptionSource: 0
  m_OrderedInterruption: 1
  m_CanTransitionToSelf: 1
--- !u!1101 &1101634436831978478
AnimatorStateTransition:
  m_ObjectHideFlags: 1
  m_PrefabParentObject: {fileID: 0}
  m_PrefabInternal: {fileID: 0}
  m_Name: 
  m_Conditions:
  - m_ConditionMode: 2
    m_ConditionEvent: attack
    m_EventTreshold: 0
  - m_ConditionMode: 3
    m_ConditionEvent: Speed
    m_EventTreshold: 0.1
  m_DstStateMachine: {fileID: 0}
  m_DstState: {fileID: 110272244}
  m_Solo: 0
  m_Mute: 0
  m_IsExit: 0
  serializedVersion: 3
  m_TransitionDuration: 0
  m_TransitionOffset: 0
  m_ExitTime: 0.6333333
  m_HasExitTime: 0
  m_HasFixedDuration: 0
  m_InterruptionSource: 0
  m_OrderedInterruption: 1
  m_CanTransitionToSelf: 1
--- !u!1101 &1101637586091367754
AnimatorStateTransition:
  m_ObjectHideFlags: 1
  m_PrefabParentObject: {fileID: 0}
  m_PrefabInternal: {fileID: 0}
  m_Name: 
  m_Conditions:
  - m_ConditionMode: 1
    m_ConditionEvent: crouching
    m_EventTreshold: 0
  m_DstStateMachine: {fileID: 0}
  m_DstState: {fileID: 110225196}
  m_Solo: 0
  m_Mute: 0
  m_IsExit: 0
  serializedVersion: 3
  m_TransitionDuration: 0
  m_TransitionOffset: 0
  m_ExitTime: 0.375
  m_HasExitTime: 0
  m_HasFixedDuration: 1
  m_InterruptionSource: 0
  m_OrderedInterruption: 1
  m_CanTransitionToSelf: 1
--- !u!1101 &1101640736395247652
AnimatorStateTransition:
  m_ObjectHideFlags: 1
  m_PrefabParentObject: {fileID: 0}
  m_PrefabInternal: {fileID: 0}
  m_Name: 
  m_Conditions: []
  m_DstStateMachine: {fileID: 0}
  m_DstState: {fileID: 110269448}
  m_Solo: 0
  m_Mute: 0
  m_IsExit: 0
  serializedVersion: 3
  m_TransitionDuration: 0.25
  m_TransitionOffset: 0
  m_ExitTime: 0.79545456
  m_HasExitTime: 1
  m_HasFixedDuration: 1
  m_InterruptionSource: 0
  m_OrderedInterruption: 1
  m_CanTransitionToSelf: 1
--- !u!1101 &1101678141883767760
AnimatorStateTransition:
  m_ObjectHideFlags: 1
  m_PrefabParentObject: {fileID: 0}
  m_PrefabInternal: {fileID: 0}
  m_Name: 
  m_Conditions: []
  m_DstStateMachine: {fileID: 0}
  m_DstState: {fileID: 110225196}
  m_Solo: 0
  m_Mute: 0
  m_IsExit: 0
  serializedVersion: 3
  m_TransitionDuration: 0.25
  m_TransitionOffset: 0
  m_ExitTime: 0.375
  m_HasExitTime: 1
  m_HasFixedDuration: 1
  m_InterruptionSource: 0
  m_OrderedInterruption: 1
  m_CanTransitionToSelf: 1
--- !u!1101 &1101682741206151680
AnimatorStateTransition:
  m_ObjectHideFlags: 1
  m_PrefabParentObject: {fileID: 0}
  m_PrefabInternal: {fileID: 0}
  m_Name: 
  m_Conditions:
  - m_ConditionMode: 1
    m_ConditionEvent: land
    m_EventTreshold: 0
  m_DstStateMachine: {fileID: 0}
  m_DstState: {fileID: 110279246}
  m_Solo: 0
  m_Mute: 0
  m_IsExit: 0
  serializedVersion: 3
  m_TransitionDuration: 0
  m_TransitionOffset: 0
  m_ExitTime: 0.375
  m_HasExitTime: 0
  m_HasFixedDuration: 0
  m_InterruptionSource: 0
  m_OrderedInterruption: 1
  m_CanTransitionToSelf: 1
--- !u!1101 &1101866971968877702
AnimatorStateTransition:
  m_ObjectHideFlags: 1
  m_PrefabParentObject: {fileID: 0}
  m_PrefabInternal: {fileID: 0}
  m_Name: 
  m_Conditions:
  - m_ConditionMode: 1
    m_ConditionEvent: death
    m_EventTreshold: 0
  m_DstStateMachine: {fileID: 0}
  m_DstState: {fileID: 1102635147968915482}
  m_Solo: 0
  m_Mute: 0
  m_IsExit: 0
  serializedVersion: 3
  m_TransitionDuration: 0
  m_TransitionOffset: 0
  m_ExitTime: 0.75
  m_HasExitTime: 0
  m_HasFixedDuration: 0
  m_InterruptionSource: 0
  m_OrderedInterruption: 1
  m_CanTransitionToSelf: 1
--- !u!1101 &1101996287456517268
AnimatorStateTransition:
  m_ObjectHideFlags: 1
  m_PrefabParentObject: {fileID: 0}
  m_PrefabInternal: {fileID: 0}
  m_Name: 
  m_Conditions:
  - m_ConditionMode: 2
    m_ConditionEvent: attack
    m_EventTreshold: 0
  m_DstStateMachine: {fileID: 0}
  m_DstState: {fileID: 110269448}
  m_Solo: 0
  m_Mute: 0
  m_IsExit: 0
  serializedVersion: 3
  m_TransitionDuration: 0
  m_TransitionOffset: 0
  m_ExitTime: 0.6333333
  m_HasExitTime: 0
  m_HasFixedDuration: 0
  m_InterruptionSource: 0
  m_OrderedInterruption: 1
  m_CanTransitionToSelf: 1
--- !u!1102 &1102185684524601282
AnimatorState:
  serializedVersion: 5
  m_ObjectHideFlags: 1
  m_PrefabParentObject: {fileID: 0}
  m_PrefabInternal: {fileID: 0}
  m_Name: stayAttack
  m_Speed: 1
  m_CycleOffset: 0
  m_Transitions:
  - {fileID: 1101634436831978478}
  - {fileID: 1101996287456517268}
  m_StateMachineBehaviours: []
  m_Position: {x: 50, y: 50, z: 0}
  m_IKOnFeet: 0
  m_WriteDefaultValues: 1
  m_Mirror: 0
  m_SpeedParameterActive: 0
  m_MirrorParameterActive: 0
  m_CycleOffsetParameterActive: 0
  m_Motion: {fileID: 7400000, guid: 07565853ed40df6419d4331df983e38f, type: 2}
  m_Tag: 
  m_SpeedParameter: 
  m_MirrorParameter: 
  m_CycleOffsetParameter: 
--- !u!1102 &1102202070329917014
AnimatorState:
  serializedVersion: 5
  m_ObjectHideFlags: 1
  m_PrefabParentObject: {fileID: 0}
  m_PrefabInternal: {fileID: 0}
  m_Name: default
  m_Speed: 1
  m_CycleOffset: 0
  m_Transitions:
  - {fileID: 1101866971968877702}
  m_StateMachineBehaviours: []
  m_Position: {x: 50, y: 50, z: 0}
  m_IKOnFeet: 0
  m_WriteDefaultValues: 1
  m_Mirror: 0
  m_SpeedParameterActive: 0
  m_MirrorParameterActive: 0
  m_CycleOffsetParameterActive: 0
  m_Motion: {fileID: 0}
  m_Tag: 
  m_SpeedParameter: 
  m_MirrorParameter: 
  m_CycleOffsetParameter: 
--- !u!1102 &1102635147968915482
AnimatorState:
  serializedVersion: 5
  m_ObjectHideFlags: 1
  m_PrefabParentObject: {fileID: 0}
  m_PrefabInternal: {fileID: 0}
  m_Name: Death
  m_Speed: 1
  m_CycleOffset: 0
  m_Transitions: []
  m_StateMachineBehaviours: []
  m_Position: {x: 50, y: 50, z: 0}
  m_IKOnFeet: 0
  m_WriteDefaultValues: 1
  m_Mirror: 0
  m_SpeedParameterActive: 0
  m_MirrorParameterActive: 0
  m_CycleOffsetParameterActive: 0
  m_Motion: {fileID: 7400000, guid: f834efc966fb53949b07d56749973a41, type: 2}
  m_Tag: 
  m_SpeedParameter: 
  m_MirrorParameter: 
  m_CycleOffsetParameter: 
--- !u!1107 &1107467627530167744
AnimatorStateMachine:
  serializedVersion: 5
  m_ObjectHideFlags: 1
  m_PrefabParentObject: {fileID: 0}
  m_PrefabInternal: {fileID: 0}
  m_Name: Death
  m_ChildStates:
  - serializedVersion: 1
    m_State: {fileID: 1102635147968915482}
    m_Position: {x: 401, y: 51, z: 0}
  - serializedVersion: 1
    m_State: {fileID: 1102202070329917014}
    m_Position: {x: 324, y: 168, z: 0}
  m_ChildStateMachines: []
  m_AnyStateTransitions: []
  m_EntryTransitions: []
  m_StateMachineTransitions: {}
  m_StateMachineBehaviours: []
  m_AnyStatePosition: {x: 50, y: 20, z: 0}
  m_EntryPosition: {x: 50, y: 120, z: 0}
  m_ExitPosition: {x: 800, y: 120, z: 0}
  m_ParentStateMachinePosition: {x: 800, y: 20, z: 0}
  m_DefaultState: {fileID: 1102202070329917014}
