%YAML 1.1
%TAG !u! tag:unity3d.com,2011:
--- !u!1001 &100100000
Prefab:
  m_ObjectHideFlags: 1
  serializedVersion: 2
  m_Modification:
    m_TransformParent: {fileID: 0}
    m_Modifications: []
    m_RemovedComponents: []
  m_ParentPrefab: {fileID: 0}
  m_RootGameObject: {fileID: 1323437735799872}
  m_IsPrefabParent: 1
--- !u!1 &1323437735799872
GameObject:
  m_ObjectHideFlags: 0
  m_PrefabParentObject: {fileID: 0}
  m_PrefabInternal: {fileID: 100100000}
  serializedVersion: 5
  m_Component:
  - component: {fileID: 4042678574017472}
  - component: {fileID: 114853032431088614}
  m_Layer: 0
  m_Name: AudioManager 1
  m_TagString: Untagged
  m_Icon: {fileID: 0}
  m_NavMeshLayer: 0
  m_StaticEditorFlags: 0
  m_IsActive: 1
--- !u!1 &1800975937127878
GameObject:
  m_ObjectHideFlags: 0
  m_PrefabParentObject: {fileID: 0}
  m_PrefabInternal: {fileID: 100100000}
  serializedVersion: 5
  m_Component:
  - component: {fileID: 4961398611818388}
  - component: {fileID: 114131757267408922}
  m_Layer: 0
  m_Name: BackgroundSound
  m_TagString: Untagged
  m_Icon: {fileID: 0}
  m_NavMeshLayer: 0
  m_StaticEditorFlags: 0
  m_IsActive: 1
--- !u!4 &4042678574017472
Transform:
  m_ObjectHideFlags: 1
  m_PrefabParentObject: {fileID: 0}
  m_PrefabInternal: {fileID: 100100000}
  m_GameObject: {fileID: 1323437735799872}
  m_LocalRotation: {x: -0, y: -0, z: -0, w: 1}
  m_LocalPosition: {x: 0, y: 0, z: 0}
  m_LocalScale: {x: 1, y: 1, z: 1}
  m_Children:
  - {fileID: 4961398611818388}
  m_Father: {fileID: 0}
  m_RootOrder: 0
  m_LocalEulerAnglesHint: {x: 0, y: 0, z: 0}
--- !u!4 &4961398611818388
Transform:
  m_ObjectHideFlags: 1
  m_PrefabParentObject: {fileID: 0}
  m_PrefabInternal: {fileID: 100100000}
  m_GameObject: {fileID: 1800975937127878}
  m_LocalRotation: {x: -0, y: -0, z: -0, w: 1}
  m_LocalPosition: {x: 0, y: 0, z: 0}
  m_LocalScale: {x: 1, y: 1, z: 1}
  m_Children: []
  m_Father: {fileID: 4042678574017472}
  m_RootOrder: 0
  m_LocalEulerAnglesHint: {x: 0, y: 0, z: 0}
--- !u!114 &114131757267408922
MonoBehaviour:
  m_ObjectHideFlags: 1
  m_PrefabParentObject: {fileID: 0}
  m_PrefabInternal: {fileID: 100100000}
  m_GameObject: {fileID: 1800975937127878}
  m_Enabled: 1
  m_EditorHideFlags: 0
  m_Script: {fileID: 11500000, guid: 85d459056838cbb489212103bdf85806, type: 3}
  m_Name: 
  m_EditorClassIdentifier: 
  playBirdSound: 1
  sound:
  - name: bird1
    clip: {fileID: 8300000, guid: 51cc8507cc7f8e048af7eaf16bea4de3, type: 3}
    volume: 0.8
    pitch: 1
    randomVolume: 0.5
    randomPitch: 0.1
    loop: 0
  - name: bird2
    clip: {fileID: 8300000, guid: c24b6f4d11778da44baaef4d05bbc043, type: 3}
    volume: 0.7
    pitch: 1
    randomVolume: 0.5
    randomPitch: 0.1
    loop: 0
  - name: bird3
    clip: {fileID: 8300000, guid: 740f3ccc960f15f42a0b585e7163caa9, type: 3}
    volume: 0.8
    pitch: 1
    randomVolume: 0.5
    randomPitch: 0.1
    loop: 0
  - name: brid4
    clip: {fileID: 8300000, guid: 5b86ed70fa63ab441897d1587bbc590e, type: 3}
    volume: 1
    pitch: 1
    randomVolume: 0.5
    randomPitch: 0.1
    loop: 0
  minTime: 5
  maxTime: 10
--- !u!114 &114853032431088614
MonoBehaviour:
  m_ObjectHideFlags: 1
  m_PrefabParentObject: {fileID: 0}
  m_PrefabInternal: {fileID: 100100000}
  m_GameObject: {fileID: 1323437735799872}
  m_Enabled: 1
  m_EditorHideFlags: 0
  m_Script: {fileID: 11500000, guid: 623041338ea481846856d646402b5825, type: 3}
  m_Name: 
  m_EditorClassIdentifier: 
  sounds:
  - name: Music
    clip: {fileID: 8300000, guid: 7a591d29c6538b04484bc45e280e8f98, type: 3}
    volume: 0
    pitch: 1
    randomVolume: 0
    randomPitch: 0
    loop: 1
  - name: ButtonHover
    clip: {fileID: 8300000, guid: 8aed8a81849122248b6eef1c0a041f86, type: 3}
    volume: 0.7
    pitch: 1
    randomVolume: 0.1
    randomPitch: 0.1
    loop: 0
  - name: jumpAttack
    clip: {fileID: 8300000, guid: 634f98a9493c16a4d80d5aa290eed4e5, type: 3}
    volume: 0.7
    pitch: 1
    randomVolume: 0.1
    randomPitch: 0.1
    loop: 0
  - name: landAttack
    clip: {fileID: 8300000, guid: 634f98a9493c16a4d80d5aa290eed4e5, type: 3}
    volume: 0.4
    pitch: 1
    randomVolume: 0.1
    randomPitch: 0.1
    loop: 0
  - name: trapSound
    clip: {fileID: 8300000, guid: 4a38845584b625247b9b4b54ed8620b0, type: 3}
    volume: 0.8
    pitch: 1
    randomVolume: 0.1
    randomPitch: 0.1
    loop: 0
  - name: foxDeathSound
    clip: {fileID: 8300000, guid: abc522302fcb67942a4fb22720892fb8, type: 3}
    volume: 0.8
    pitch: 1
    randomVolume: 0.1
    randomPitch: 0.1
    loop: 0
  - name: boarWalk
    clip: {fileID: 8300000, guid: 2328956c4384f764683db77fb2651663, type: 3}
    volume: 1
    pitch: 1
    randomVolume: 0.1
    randomPitch: 0.5
    loop: 0
  - name: boarAttack
    clip: {fileID: 8300000, guid: 761e1833f36e70d4585c55ae3bfbdf26, type: 3}
    volume: 1
    pitch: 1.2
    randomVolume: 0.1
    randomPitch: 0.5
    loop: 0
  - name: grassWalk
    clip: {fileID: 8300000, guid: 99b17072f7ae00e4ebd751c68fa03856, type: 3}
    volume: 0.6
    pitch: 1.2
    randomVolume: 0.1
    randomPitch: 0.1
    loop: 0
  - name: bunnyScream
    clip: {fileID: 8300000, guid: 01eb6dbe55672ea47b6035ca78f03130, type: 3}
    volume: 0.3
    pitch: 1.2
    randomVolume: 0.1
    randomPitch: 0.1
    loop: 0
  - name: buttonHover1
    clip: {fileID: 8300000, guid: ec06f0e90ff2eed4db94abc709d5d62d, type: 3}
    volume: 0.7
    pitch: 1
    randomVolume: 0.1
    randomPitch: 0.1
    loop: 0
  - name: buttonHover2
    clip: {fileID: 8300000, guid: 0ad418cc128a8bc4cbce421acb1af8fe, type: 3}
    volume: 0.7
    pitch: 1
    randomVolume: 0.1
    randomPitch: 0.1
    loop: 0
  - name: grassHide
    clip: {fileID: 8300000, guid: 868325e771ce73b4ea5c9c7b43d907cb, type: 3}
    volume: 0.8
    pitch: 1
    randomVolume: 0.1
    randomPitch: 0.1
    loop: 0
  - name: cheering
    clip: {fileID: 8300000, guid: b38ade13332d31b4aa915a7e927a08c9, type: 3}
    volume: 0.8
    pitch: 1
    randomVolume: 0.1
    randomPitch: 0.1
    loop: 0
